@book{DavidJ.Griffiths:2005:IntroductiontoQuantumMechanics,
  author    = {David J. Griffiths},
  chapter   = {1},
  editor    = {David J. Griffiths},
  publisher = {Prentice Hall},
  title     = {Introduction to Quantum Mechanics},
  year      = {2005}
}

@misc{ET,
  author = {Richard Fitzpatrick},
  title  = {Quantum Mechanics},
  url    = {https://farside.ph.utexas.edu/teaching/qmech/Quantum/node36.html}
}